@article{crary,
	author = {Jonathan Crary},
	pages = {67 -- 136},
	publisher = {MIT Press},
	title = {{Techniques of the Observer}},
	year = {1990}
};

@article{holmes,
	author = {Frederic L. Holmes and Kathryn M. Olesko},
    pages = {198 -- 221},
	publisher = {Princeton University Press},
	title = {{The Images of Precision}},
	year = {1995}
};

@article{ellenbogen,
	author = {Josh Ellenbogen},
    pages = {86 -- 115},
	publisher = {University of California Press},
	title = {{Camera and Mind}},
	year = {2008}
};

